<record><leader>00000cas a2200000 a 4500</leader><controlfield tag="001">29688730</controlfield><controlfield tag="008">940126d193719uuiluwr ne      0   a0eng c</controlfield><datafield ind1=" " ind2=" " tag="010"><subfield code="a">sn 94054204 </subfield></datafield><datafield ind1=" " ind2=" " tag="040"><subfield code="a">NVF</subfield><subfield code="b">eng</subfield><subfield code="c">NVF</subfield><subfield code="d">OCLCQ</subfield><subfield code="d">NVF</subfield><subfield code="d">OCLCQ</subfield><subfield code="d">OCLCF</subfield><subfield code="d">OCLCO</subfield><subfield code="d">NVF</subfield><subfield code="d">OCLCO</subfield></datafield><datafield ind1=" " ind2=" " tag="042"><subfield code="a">pcc</subfield></datafield><datafield ind1=" " ind2=" " tag="043"><subfield code="a">n-us-il</subfield></datafield><datafield ind1="0" ind2="0" tag="245"><subfield code="a">Fullerton Ave. herald.</subfield></datafield><datafield ind1="1" ind2="7" tag="246"><subfield code="a">Fullerton Avenue herald</subfield></datafield><datafield ind1=" " ind2=" " tag="250"><subfield code="a">Fullerton Ave. ed. of Logan Square herald.</subfield></datafield><datafield ind1=" " ind2=" " tag="260"><subfield code="a">Chicago, Ill. :</subfield><subfield code="b">Albert Wohlers &amp; Son,</subfield><subfield code="c">1937-[19--?]</subfield></datafield><datafield ind1=" " ind2=" " tag="300"><subfield code="a">v.</subfield></datafield><datafield ind1=" " ind2=" " tag="310"><subfield code="a">Weekly</subfield></datafield><datafield ind1="0" ind2=" " tag="362"><subfield code="a">Vol. 27, no. 32 (July 22, 1937)-</subfield></datafield><datafield ind1=" " ind2=" " tag="500"><subfield code="a">Title serves: Logan Square, Kelvyn Park [Hermosa] and Cragin [Belmont Cragin].</subfield></datafield><datafield ind1=" " ind2=" " tag="588"><subfield code="a">Latest issue consulted: Jan. 13, 1938.</subfield></datafield><datafield ind1=" " ind2="0" tag="651"><subfield code="a">Logan Square (Chicago, Ill.)</subfield><subfield code="v">Newspapers.</subfield></datafield><datafield ind1=" " ind2="0" tag="651"><subfield code="a">Belmont-Cragin (Chicago, Ill.)</subfield><subfield code="v">Newspapers.</subfield></datafield><datafield ind1=" " ind2="0" tag="651"><subfield code="a">Hermosa (Chicago, Ill.)</subfield><subfield code="v">Newspapers.</subfield></datafield><datafield ind1=" " ind2="7" tag="651"><subfield code="a">Illinois</subfield><subfield code="z">Chicago</subfield><subfield code="z">Belmont-Cragin.</subfield><subfield code="2">fast</subfield><subfield code="0">(OCoLC)fst01328259</subfield></datafield><datafield ind1=" " ind2="7" tag="651"><subfield code="a">Illinois</subfield><subfield code="z">Chicago</subfield><subfield code="z">Logan Square.</subfield><subfield code="2">fast</subfield><subfield code="0">(OCoLC)fst01328252</subfield></datafield><datafield ind1=" " ind2="7" tag="655"><subfield code="a">Newspapers.</subfield><subfield code="2">fast</subfield><subfield code="0">(OCoLC)fst01423814</subfield></datafield><datafield ind1=" " ind2=" " tag="752"><subfield code="a">United States</subfield><subfield code="b">Illinois</subfield><subfield code="c">Cook</subfield><subfield code="d">Chicago.</subfield></datafield><datafield ind1="0" ind2=" " tag="775"><subfield code="t">Logan Square herald Kelvyn Park and west city news</subfield><subfield code="w">(DLC)sn 94054202</subfield><subfield code="w">(OCoLC)29688618</subfield></datafield><datafield ind1="0" ind2=" " tag="775"><subfield code="t">Logan Square herald (Chicago, Ill. : 1938)</subfield><subfield code="w">(DLC)sn 94054203</subfield><subfield code="w">(OCoLC)29688695</subfield></datafield></record>